<?xml version="1.0" encoding="UTF-8"?><collection xmlns="http://www.loc.gov/MARC21/slim"><record><leader>00412nam--2200133-i-4500</leader><controlfield tag="001">000039320</controlfield><controlfield tag="002">20161230</controlfield><controlfield tag="005">20161230201042</controlfield><controlfield tag="008">060222s1000------------r-----000-0-eng-d</controlfield><datafield ind1=" " ind2=" " tag="080"><subfield code="a">015:621.372.8</subfield></datafield><datafield ind1=" " ind2=" " tag="100"><subfield code="a">Roederer,M.A</subfield></datafield><datafield ind1=" " ind2=" " tag="245"><subfield code="a">Interaction d`une onde plane et d`une plane et d`un reseau plan de guides rectangulaires a parois epaisses. these</subfield></datafield><datafield ind1=" " ind2=" " tag="260"><subfield code="a">Paris, Univ. De Paris Vi, 1972. 8 P</subfield></datafield><datafield ind1=" " ind2=" " tag="852"><subfield code="a">38151</subfield></datafield></record></collection>